[gd_scene load_steps=9 format=2]

[ext_resource path="res://Common/Nodes/InventoryGrid/InventoryGrid.cs" type="Script" id=1]
[ext_resource path="res://icon.png" type="Texture" id=2]
[ext_resource path="res://Common/Nodes/InventoryGrid/Art/CornerReddish.png" type="Texture" id=3]
[ext_resource path="res://Common/Nodes/InventoryGrid/GridBG.cs" type="Script" id=4]
[ext_resource path="res://Common/Nodes/InventoryGrid/Art/BackgroundReddish.png" type="Texture" id=5]
[ext_resource path="res://Common/Nodes/InventoryGrid/Art/SideReddish.png" type="Texture" id=6]
[ext_resource path="res://Common/UI/Buttons/BtnBase/BtnBase.tscn" type="PackedScene" id=7]
[ext_resource path="res://Common/UI/Fonts/FntMenuMed.tres" type="DynamicFont" id=8]

[node name="InventoryGrid" type="Control"]
anchor_right = 1.0
anchor_bottom = 1.0
margin_left = 230.927
margin_top = 190.882
margin_right = 230.927
margin_bottom = 190.882
script = ExtResource( 1 )
__meta__ = {
"_edit_use_anchors_": false
}

[node name="icon" type="Sprite" parent="."]
position = Vector2( -221.681, -51.5237 )
texture = ExtResource( 2 )

[node name="GridBG" type="TextureRect" parent="."]
margin_right = 40.0
margin_bottom = 40.0
texture = ExtResource( 5 )
expand = true
script = ExtResource( 4 )
__meta__ = {
"_edit_use_anchors_": false
}

[node name="CornerUL" type="TextureRect" parent="GridBG"]
margin_right = 60.0
margin_bottom = 60.0
texture = ExtResource( 3 )
expand = true
__meta__ = {
"_edit_use_anchors_": false
}

[node name="SideU" type="TextureRect" parent="GridBG"]
margin_right = 60.0
margin_bottom = 60.0
texture = ExtResource( 6 )
expand = true
__meta__ = {
"_edit_use_anchors_": false
}

[node name="LblTitle" type="Label" parent="GridBG"]
margin_right = 100.0
grow_horizontal = 2
grow_vertical = 2
rect_scale = Vector2( 1.5, 1.5 )
custom_fonts/font = ExtResource( 8 )
text = "Shop Title"
align = 1
__meta__ = {
"_edit_use_anchors_": false
}

[node name="BtnClose" parent="." instance=ExtResource( 7 )]
margin_left = 905.661
margin_top = -5.36647
margin_right = 992.661
margin_bottom = 82.6335
expand = true

[node name="Label" parent="BtnClose" index="0"]
margin_left = 22.7871
margin_top = 16.4721
margin_right = 69.7871
margin_bottom = 69.4721
text = "X"
[connection signal="pressed" from="BtnClose" to="." method="OnBtnClosePressed"]

[editable path="BtnClose"]
